<?xml version="1.0" encoding="UTF-8"?><collection xmlns="http://www.loc.gov/MARC21/slim"><record><leader>00510nam--2200193-i-4500</leader><controlfield tag="001">000030051</controlfield><controlfield tag="002">20161230</controlfield><controlfield tag="005">20161230201038</controlfield><controlfield tag="008">060222s1000------------r-----000-0-rus-d</controlfield><datafield ind1=" " ind2=" " tag="040"><subfield code="a">IFIN-HH</subfield></datafield><datafield ind1=" " ind2=" " tag="041"><subfield code="a">rus</subfield></datafield><datafield ind1=" " ind2=" " tag="080"><subfield code="a">539.12.04:537.95</subfield></datafield><datafield ind1="1" ind2=" " tag="100"><subfield code="a">Botki, A.A</subfield></datafield><datafield ind1="1" ind2="0" tag="245"><subfield code="a">Radiationnaia fizika ionnih kristallov</subfield><subfield code="c">A.a. botki, a.a. vorobiev, v.l. ulianov</subfield></datafield><datafield ind1=" " ind2=" " tag="260"><subfield code="a">Moskva</subfield><subfield code="b">Atomizdat</subfield><subfield code="c">1980</subfield></datafield><datafield ind1=" " ind2=" " tag="300"><subfield code="a">207P</subfield></datafield><datafield ind1="1" ind2=" " tag="700"><subfield code="a">Ulianov, V.L</subfield></datafield><datafield ind1=" " ind2=" " tag="852"><subfield code="a">75549</subfield><subfield code="c">539.12.04</subfield></datafield><datafield ind1=" " ind2=" " tag="CAT"><subfield code="a">Sys</subfield><subfield code="c">20120222</subfield><subfield code="h">122156</subfield></datafield></record></collection>